@manual{matlab2024a,
	title        = {{MATLAB R2024a}},
	author       = {{The MathWorks, Inc.}},
	organization = {{The MathWorks, Inc.}},
	address      = {Natick, Massachusetts},
	year         = {2024},
	url          = {https://www.mathworks.com/products/matlab.html}
}